
@misc{ico,
  doi = {10.48550/ARXIV.1903.08278},
  
  url = {https://arxiv.org/abs/1903.08278},
  
  author = {Brakhage, Karl-Heinz and Niemeyer, Alice C. and Plesken, Wilhelm and Robertz, Daniel and Strzelczyk, Ansgar},
  
  keywords = {Group Theory (math.GR), FOS: Mathematics, FOS: Mathematics},
  
  title = {The icosahedra of edge length 1},
  
  publisher = {arXiv},
  
  year = {2019},
  
  copyright = {arXiv.org perpetual, non-exclusive license}
}

@book{szczepanski2012geometry,
  title     = {Geometry of Crystallographic Groups},
  author    = {Szczepanski, A.},
  isbn      = {9789814412261},
  series    = {Algebra and discrete mathematics},
  url       = {https://books.google.de/books?id=wX26CgAAQBAJ},
  year      = {2012},
  publisher = {World Scientific}
} 